% ================================================================

@article{SIRR1802,
  author    = {Zhixiang Chi and
               Xiaolin Wu and
               Xiao Shu and
               Jinjin Gu},
  title     = {Single Image Reflection Removal Using Deep Encoder-Decoder Network},
  journal   = {CoRR},
  volume    = {abs/1802.00094},
  year      = {2018},
  url       = {http://arxiv.org/abs/1802.00094},
  archivePrefix = {arXiv},
  eprint    = {1802.00094},
  timestamp = {Mon, 13 Aug 2018 16:49:03 +0200},
  biburl    = {https://dblp.org/rec/journals/corr/abs-1802-00094.bib},
  bibsource = {dblp computer science bibliography, https://dblp.org}
}

@article{HelLooks,
  author    = {L. Jokinen and K. Sampo},
  title     = {Hel looks},
  url       = {https://www.hel-looks.com/}
}

@article{IndoorScenes,
  author    = {A. Quattoni and A.Torralba},
  title     = {Recognizing Indoor Scenes},
  journal   = {IEEE Conference on Computer Vision and Pattern Recognition (CVPR)},
  year      = {2009},
  url       = {http://people.csail.mit.edu/torralba/publications/indoor.pdf}
}

@inproceedings{SIRRBench17,
    author = {Renjie Wan and Boxin Shi and Ling-Yu Duan and Ah-Hwee Tan and Alex C. Kot},
    title = {Benchmarking Single-Image Reflection Removal Algorithms},
    booktitle = {International Conference on Computer Vision (ICCV)},
    url = {https://sir2data.github.io/},
    year = {2017}
}

% ================================================================


